
@article{gruber_incidence_1997,
	title = {The Incidence of Payroll Taxation: Evidence from Chile},
	volume = {15},
	copyright = {Copyright © 1997 The University of Chicago},
	issn = {0734-{306X}},
	shorttitle = {The Incidence of Payroll Taxation},
	url = {http://www.jstor.org/stable/10.1086/209877},
	doi = {10.1086/209877},
	abstract = {I provide new evidence on the incidence of payroll taxation by examining the experience of Chile before and after the privatization of its Social Security system. This policy change led to a sharp exogenous reduction in the payroll tax burden on Chilean firms; on average, payroll tax rates fell by 25\% over 6 years. Using data from a census of manufacturing firms, I estimate that the incidence of payroll taxation is fully on wages, with no effect on employment. This finding is robust to a variety of empirical approaches to the problem of measurement error in firm‐level measures of taxes/worker.},
	number = {S3},
	urldate = {2013-03-28},
	journal = {Journal of Labor Economics},
	author = {Gruber, Jonathan},
	month = jul,
	year = {1997},
	note = {{ArticleType:} research-article / Full publication date: July 1997 / Copyright © 1997 The University of Chicago},
	pages = {S72--S101},
	file = {JSTOR Full Text PDF:/Users/Davidislm/Library/Application Support/Zotero/Profiles/9z6zme93.default/zotero/storage/K48SJC99/Gruber - 1997 - The Incidence of Payroll Taxation Evidence from C.pdf:application/pdf}
},

@article{rubin_urban_1989,
	title = {Urban Enterprise Zones: Employment Impacts and Fiscal Incentives},
	volume = {55},
	issn = {0194-4363},
	shorttitle = {Urban Enterprise Zones},
	url = {http://www.tandfonline.com/doi/abs/10.1080/01944368908975431},
	doi = {10.1080/01944368908975431},
	abstract = {Abstract The urban enterprise zone is an economic development concept that has been implemented by a large majority of state governments in the United States. Yet there is little evidence demonstrating that this concept is effective at generating new ecnomomic development at the local level. Nor does previous research on enterprise zones take into account external effects that may stimulate or deter economic growth within a zone. This article seeks to remedy these problems by carrying out a disaggregated analysis of new job development within an enterprise zone, and by presenting a method that enables external growth stimuli and industrial composition to be factored out of the enterprise zone evaluation process. This method relies on shift-share analysis to reveal the comparative advantage of an enterprise zone for generating economic growth relative to the larger metropolitan area of which it is a geographic component. The method is applied to the Evansville, Indiana, Urban Enterprise Zone. From this analysis we conclude that the enterprise zone concept can be a cost-effective local economic development tool.},
	number = {4},
	urldate = {2013-03-02},
	journal = {Journal of the American Planning Association},
	author = {Rubin, Barry M. and Wilder, Margaret G.},
	year = {1989},
	pages = {418--431},
	file = {Snapshot:/Users/Davidislm/Library/Application Support/Zotero/Profiles/9z6zme93.default/zotero/storage/CKP7IVCA/01944368908975431.html:text/html}
},

@article{lynch_incidence_2011,
	title = {Incidence and Substitution in Enterprise Zone Programs: The Case of Colorado},
	volume = {39},
	issn = {1091-1421, 1552-7530},
	shorttitle = {Incidence and Substitution in Enterprise Zone Programs},
	url = {http://pfr.sagepub.com/content/39/2/226},
	doi = {10.1177/1091142110386210},
	abstract = {Among 53,334 urban Colorado establishments, geographic information systems ({GIS)} techniques identify those that are and are not in enterprise zones ({EZs).} {EZs} have no effect on payroll per worker. Therefore, subsidy incidence is not on labor. Urban {EZs} do not increase employment per establishment, implying that subsidies induce net substitution effects for capital that counteract scale effects on labor. Rural {EZs} increase employment in the smallest of 13,278 establishments, implying that capital is less substitutable for labor with rural production functions and subsidy mixes. Employment effects differ across {EZs.} Equilibrium incidence of subsidies is probably on immobile factors such as commercial real estate.},
	language = {en},
	number = {2},
	urldate = {2013-03-28},
	journal = {Public Finance Review},
	author = {Lynch, Devon and Zax, Jeffrey S.},
	month = mar,
	year = {2011},
	keywords = {Enterprise zones, location-specific subsidies},
	pages = {226--255},
	file = {Full Text PDF:/Users/Davidislm/Library/Application Support/Zotero/Profiles/9z6zme93.default/zotero/storage/RINPNM2M/Lynch et Zax - 2011 - Incidence and Substitution in Enterprise Zone Prog.pdf:application/pdf;Snapshot:/Users/Davidislm/Library/Application Support/Zotero/Profiles/9z6zme93.default/zotero/storage/MWV7AFQN/226.html:text/html}
},

@article{bondonio_enterprise_2000,
	title = {Enterprise zones and local employment: evidence from the states' programs},
	volume = {30},
	shorttitle = {Enterprise zones and local employment},
	url = {http://ideas.repec.org/a/eee/regeco/v30y2000i5p519-549.html},
	abstract = {No abstract is available for this item.},
	number = {5},
	urldate = {2013-03-28},
	journal = {Regional Science and Urban Economics},
	author = {Bondonio, Daniele and Engberg, John},
	year = {2000},
	pages = {519--549},
	file = {RePEc Snapshot:/Users/Davidislm/Library/Application Support/Zotero/Profiles/9z6zme93.default/zotero/storage/C8T4DMPU/v30y2000i5p519-549.html:text/html}
},

@techreport{papke_tax_1994,
	type = {Working Paper},
	title = {Tax Policy and Urban Development: Evidence From The Indiana Enterprise Zone Program},
	shorttitle = {Tax Policy and Urban Development},
	url = {http://www.nber.org/papers/w3945},
	abstract = {In the last decade, most states have targeted certain depressed areas for revitalization by providing a combination of labor and capital tax incentives to firms operating in the "enterprise zone" ({EZ).} Despite the large number of state initiatives, and the frequent re-introduction of federal {EZ} legislation, there have been few statistical analyses of the effect of {EZs} apart from surveys of plan administrators. This paper analyzes the effect of the Indiana {EZ} program on local employment and investment using a panel of local taxing jurisdictions. In 1988, the direct budgetary costs of the Indiana program totaled over \$11 million, averaging \$13,933 per participating firm, \$4,564 per new job, and \$31,113 per new zone resident job. I estimate that zone designation initially reduces the value of depreciable personal property by about 13 percent, but also reduces unemployment claims in the zone and surrounding community by 19 percent. Both estimates are statistically significant. The value of inventories in Indiana zones is 8 percent higher than it otherwise would be, and the estimated effect is marginally statistically significant.},
	number = {3945},
	urldate = {2013-03-14},
	institution = {National Bureau of Economic Research},
	author = {Papke, Leslie E.},
	month = nov,
	year = {1994},
	file = {NBER Full Text PDF:/Users/Davidislm/Library/Application Support/Zotero/Profiles/9z6zme93.default/zotero/storage/VIFGDFD8/Papke - 1994 - Tax Policy and Urban Development Evidence From Th.pdf:application/pdf}
},

@article{boarnet_enterprise_1996,
	title = {Enterprise Zones and Employment: Evidence from New Jersey},
	volume = {40},
	issn = {0094-1190},
	shorttitle = {Enterprise Zones and Employment},
	url = {http://www.sciencedirect.com/science/article/pii/S0094119096900297},
	doi = {10.1006/juec.1996.0029},
	abstract = {This paper presents new evidence on the effectiveness of urban enterprise zones as an economic development tool. The results reported here are from an econometric analysis of the New Jersey urban enterprise zone program using data at the municipal level from 1982 to 1990. We find no evidence that the urban enterprise zone program in New Jersey had a positive effect on total municipal employment, on employment in various sectors, or on municipal property values. We conclude that the program was ineffective in achieving its goal of improving the economic conditions in and around the zones.},
	number = {2},
	urldate = {2013-03-02},
	journal = {Journal of Urban Economics},
	author = {Boarnet, Marlon G. and Bogart, William T.},
	month = sep,
	year = {1996},
	pages = {198--215},
	file = {ScienceDirect Snapshot:/Users/Davidislm/Library/Application Support/Zotero/Profiles/9z6zme93.default/zotero/storage/D2HQT238/S0094119096900297.html:text/html}
},

@article{greenbaum_impact_2004,
	title = {The impact of state enterprise zones on urban manufacturing establishments},
	volume = {23},
	url = {http://ideas.repec.org/a/wly/jpamgt/v23y2004i2p315-339.html},
	abstract = {Since the early 1980s, the vast majority of states have implemented enterprise zones. This paper analyzes urban zones in six states, examining the factors that states use to choose zone locations and the subsequent effect of the zones on business activity and employment. The source of outcome data is the {U.S.} Bureau of Census' longitudinal research database ({LRD)}, which tracks manufacturing establishments over time. Matched sample and geographic comparison groups are created to measure the impact of zone policy on employment, establishment, shipment, payroll, and capital spending outcomes. Consistent with previous findings, the difference-in-difference estimates indicate that zones have little effect, on average. However, by exploiting the establishment-level data to examine gross as well as net changes, the analysis finds that zones have a positive effect on the outcomes of new establishments and a negative effect on the outcomes of previously existing establishments. © 2004 by the Association for Public Policy Analysis and Management.},
	number = {2},
	urldate = {2013-03-27},
	journal = {Journal of Policy Analysis and Management},
	author = {Greenbaum, Robert T. and Engberg, John B.},
	year = {2004},
	pages = {315--339},
	file = {RePEc Snapshot:/Users/Davidislm/Library/Application Support/Zotero/Profiles/9z6zme93.default/zotero/storage/KW2VWHKW/v23y2004i2p315-339.html:text/html}
},

@article{kolko_enterprise_2010,
	title = {Do Some Enterprise Zones Create Jobs?},
	volume = {29},
	copyright = {Copyright © 2010 Association for Public Policy Analysis and Management},
	issn = {0276-8739},
	url = {http://www.jstor.org/stable/20685166},
	doi = {10.2307/20685166},
	abstract = {We study how the employment effects of enterprise zones vary with their location, implementation, and administration, based on evidence from California. We use new establishment-level data and geographic mapping methods, coupled with a survey of enterprise zone administrators. Overall, the evidence indicates that enterprise zones do not increase employment. However, the evidence also suggests that the enterprise zone program has a more favorable effect on employment in zones that have a lower share of manufacturing and in zones where managers report doing more marketing and outreach activities. On the other hand, devoting more effort to helping firms get hiring tax credits reduces or eliminates any positive employment effects, which may be attributable to idiosyncrasies of California's enterprise zone program during the period we study.},
	number = {1},
	urldate = {2013-03-14},
	journal = {Journal of Policy Analysis and Management},
	author = {Kolko, Jed and Neumark, David},
	month = jan,
	year = {2010},
	note = {{ArticleType:} research-article / Full publication date: {WINTER} 2010 / Copyright © 2010 Association for Public Policy Analysis and Management},
	pages = {5--38}
},

@article{riposa_enterprise_1996,
	title = {From Enterprise Zones to Empowerment Zones The Community Context of Urban Economic Development},
	volume = {39},
	issn = {0002-7642, 1552-3381},
	url = {http://abs.sagepub.com/content/39/5/536},
	doi = {10.1177/0002764296039005003},
	abstract = {Economic development policy continues to dominate city agendas as local officials vie for investment and population in the effort to generate a robust local economy. Many times, however, such policies have succeeded in building capital-intensive projects while failing to enhance the community's quality of life. Building on the enterprise zone concept, the Clinton administration's Empowerment Zone Act of 1993 attempts to avoid this pitfall by blending economic incentives and social services, as it establishes a mechanism to incorporate broader local participation in program design, implementation, and evaluation. By examining the context, origins, and dimensions of empowerment zone policy, this article clarifies policy elements, including similarities to and differences from enterprise zones, and prospects of empowerment zones to creat the community context necessary for greater local participation in economic development.},
	language = {en},
	number = {5},
	urldate = {2013-03-28},
	journal = {American Behavioral Scientist},
	author = {Riposa, Gerry},
	month = mar,
	year = {1996},
	pages = {536--551},
	file = {Snapshot:/Users/Davidislm/Library/Application Support/Zotero/Profiles/9z6zme93.default/zotero/storage/MBQNERWM/536.html:text/html}
},

@article{oakley_socioeconomic_2007,
	title = {Socioeconomic gains and spillover effects of geographically targeted initiatives to combat economic distress: An examination of Chicago’s Empowerment Zone},
	volume = {24},
	issn = {0264-2751},
	shorttitle = {Socioeconomic gains and spillover effects of geographically targeted initiatives to combat economic distress},
	url = {http://www.sciencedirect.com/science/article/pii/S0264275106000862},
	doi = {10.1016/j.cities.2006.10.003},
	abstract = {Using 1990 and 2000 census data, the purpose of this study is to examine just how effective Chicago’s Empowerment Zone programs were at alleviating poverty and improving socioeconomic conditions both within the zone itself, and in the equally distressed adjacent neighborhoods. Findings indicate that the zone area did experience significant socioeconomic gains in the form of poverty and unemployment reductions. Findings also suggest that decreases in poverty did spill over into adjacent neighborhoods, but other socioeconomic gains did not. We interpret these findings as suggestive of supporting the efficacy of spatial interventions in the American city. However, we also raise questions about whether such programs can really be assessed adequately with the available data and how these questions should impact urban policy initiatives directed at revitalizing distressed urban areas.},
	number = {1},
	urldate = {2013-03-28},
	journal = {Cities},
	author = {Oakley, Deirdre and Tsao, Hui-shien},
	month = feb,
	year = {2007},
	keywords = {socioeconomic outcomes, spillover effects, {US} Empowerment Zones},
	pages = {43--59},
	file = {ScienceDirect Full Text PDF:/Users/Davidislm/Library/Application Support/Zotero/Profiles/9z6zme93.default/zotero/storage/NFW3E5NH/Oakley et Tsao - 2007 - Socioeconomic gains and spillover effects of geogr.pdf:application/pdf;ScienceDirect Snapshot:/Users/Davidislm/Library/Application Support/Zotero/Profiles/9z6zme93.default/zotero/storage/BPMIDW27/S0264275106000862.html:text/html}
},

@techreport{papke_what_1993,
	type = {Working Paper},
	title = {What Do We Know about Enterprise Zones?},
	url = {http://www.nber.org/papers/w4251},
	abstract = {In the last decade, most states have targeted certain depressed areas for revitalization by providing a combination of labor and capital tax incentives to firms operating in an "enterprise zone" ({EZ).} A partial equilibrium model is used to analyze the theoretical effects of various {EZ} incentives on zone wages and employment. I review empirical evidence on the operational success of {EZ} programs in Britain and the {U.S.}, and present new evidence from the 1990 Census on the success of the Indiana program. Most British zone businesses are relocations, with an annual cost per job of approximately \$15,000. {U.S.} surveys find that much zone activity comes from expansions of existing businesses, with the average cost per zone job ranging from \$4,564 to \$13,000 annually (about \$31,113 per zone resident job). How do zones perform relative to what would have been their performance in the absence of zone designation? Evidence on this issue is summarized for the state of Indiana, where the zone program appears to have increased inventory investment and reduced unemployment claims. But new evidence based on the 1990 Census of Population indicates that the economic well-being of zone residents in Indiana has not appreciably improved.},
	number = {4251},
	urldate = {2013-03-02},
	institution = {National Bureau of Economic Research},
	author = {Papke, Leslie E.},
	month = oct,
	year = {1993},
	file = {NBER Full Text PDF:/Users/Davidislm/Library/Application Support/Zotero/Profiles/9z6zme93.default/zotero/storage/TPARUNAT/Papke - 1993 - What Do We Know about Enterprise Zones.pdf:application/pdf}
},

@techreport{greenbaum_impact_1998,
	type = {Working Paper},
	title = {The Impact Of State Urban Enterprise Zones On Business Outcomes},
	url = {http://ideas.repec.org/p/cen/wpaper/98-20.html},
	abstract = {Since the early 1980s, a vast majority of states have implemented enterprise zones. This paper examines the impact of zone programs in the urban areas of six states on business outcomes, the main target of zone incentives. The primary source of outcome data is the {U.S.} Bureau of Census' Longitudinal Research Database ({LRD)}, which tracks manufacturing establishments over time. Matched sample and geographic comparison groups are created to measure of the impact of zone policy on employment, establishment, shipment, payroll, and capital spending outcomes. Consistent with previous research findings, the difference in difference estimates indicate that zones appears to have little impact on average. However, by exploiting the establishment-level data, the paper finds that zones have a positive impact on the outcomes of new establishments and a negative impact on the outcomes of previously existing establishments.},
	number = {98-20},
	urldate = {2013-03-28},
	institution = {Center for Economic Studies, {U.S.} Census Bureau},
	author = {Greenbaum, Robert T. and Engberg, John B.},
	year = {1998},
	keywords = {{CES}, chief, data, economic, economist, micro, microdata, research},
	file = {RePEc Snapshot:/Users/Davidislm/Library/Application Support/Zotero/Profiles/9z6zme93.default/zotero/storage/VDK3T6IE/98-20.html:text/html}
},

@techreport{gobillon_effet_2012,
	address = {Paris},
	type = {Document de travail},
	title = {L'effet des Zones Franches Urbaines sur le Retour à {l'Emploi}},
	url = {http://www.cepremap.ens.fr/depot/docweb/docweb1209.pdf},
	number = {1209},
	institution = {{CEPREMAP}},
	author = {Gobillon, Laurent and Magnac, Thierry and Selod, Haris},
	year = {2012}
},

@techreport{service_public_de_wallonie_-_direction_de_la_politique_economique_apercu_2010,
	title = {Aperçu du positionnement de la Wallonie en termes de création d’activités, d’entrepreneuriat et dans certains domaines clés pour la compétitivité des {PME}},
	url = {http://economie.wallonie.be/new/IMG/pdf/Positionnement_de_la_Wallonie_PME_-_final-2.pdf},
	author = {Service Public de Wallonie - Direction de la Politique Economique},
	month = oct,
	year = {2010}
},

@article{bondonio_local_2007,
	title = {Do local tax incentives affect economic growth? What mean impacts miss in the analysis of enterprise zone policies},
	volume = {37},
	shorttitle = {Do local tax incentives affect economic growth?},
	url = {http://ideas.repec.org/a/eee/regeco/v37y2007i1p121-136.html},
	abstract = {No abstract is available for this item.},
	number = {1},
	urldate = {2013-03-28},
	journal = {Regional Science and Urban Economics},
	author = {Bondonio, Daniele and Greenbaum, Robert T.},
	year = {2007},
	pages = {121--136},
	file = {RePEc Snapshot:/Users/Davidislm/Library/Application Support/Zotero/Profiles/9z6zme93.default/zotero/storage/5JIUTDCQ/v37y2007i1p121-136.html:text/html}
},

@article{bernini_how_2011,
	title = {How are growth and productivity in private firms affected by public subsidy? Evidence from a regional policy},
	volume = {41},
	shorttitle = {How are growth and productivity in private firms affected by public subsidy?},
	url = {http://ideas.repec.org/a/eee/regeco/v41y2011i3p253-265.html},
	abstract = {The paper provides a statistically robust evaluation of the impact of state aid on capital accumulation in subsidized firms. The analysis considers subsidies allocated to the southern Italian regions over the period 1996-2004 under the regional policy, Law 488/1992. We apply an {MDID} estimator, taking selection on observables and non observables into account. Results evidence a higher growth in output, employment and fixed assets in subsidized firms but a lesser increase in Total Factor Productivity than in unsubsidized firms. The negative impact on long term productivity and growth reduces the positive temporary effects of regional subsidies.},
	number = {3},
	urldate = {2013-03-27},
	journal = {Regional Science and Urban Economics},
	author = {Bernini, Cristina and Pellegrini, Guido},
	year = {2011},
	keywords = {Public subsidies Policy evaluation Regional policy {MDID} estimator},
	pages = {253--265},
	file = {RePEc Snapshot:/Users/Davidislm/Library/Application Support/Zotero/Profiles/9z6zme93.default/zotero/storage/UQAHS9CX/v41y2011i3p253-265.html:text/html}
},

@article{beck_state-designated_2001,
	title = {Do State-Designated Enterprise Zones Promote Economic Growth?},
	volume = {71},
	issn = {1475-{682X}},
	url = {http://onlinelibrary.wiley.com/doi/10.1111/j.1475-682X.2001.tb01130.x/abstract},
	doi = {10.1111/j.1475-682X.2001.tb01130.x},
	abstract = {In light of the economic stresses faced by many urban and rural places in the 1970s and 1980s, many communities began actively promoting local economic growth. Subsequently, sociologists became interested in the effectiveness of such efforts. In particular, they wanted to know whether places can purposefully alter their economies, or whether ecological and other factors commonly associated with growth are more powerful. State-designated enterprise zones are an example of such attempts. Data were collected from 51 enterprise zones in the United States. The data indicate that growth in number of firms and number of jobs within the zones did occur. The data also indicate that the rate of growth in the zone often surpassed its respective county. Further, while tax incentives are often touted as the key to economic development, this research finds that attention to the services and quality of life in the zone and a wide range of incentives overall matter more than the provision of tax cuts, subsidies, and other financial incentives alone. These results hold after controlling for other factors known to affect economic development.},
	language = {en},
	number = {4},
	urldate = {2013-04-01},
	journal = {Sociological Inquiry},
	author = {Beck, Frank D.},
	year = {2001},
	pages = {508–532},
	file = {Snapshot:/Users/Davidislm/Library/Application Support/Zotero/Profiles/9z6zme93.default/zotero/storage/XFVARP3D/abstract.html:text/html}
},

@article{rathelot_zones_2008,
	title = {Zones Franches Urbaines: quels effets sur l'emploi salarié et les créations d'établissements ?},
	volume = {415},
	issn = {0336-1454},
	shorttitle = {Zones Franches Urbaines},
	url = {http://econpapers.repec.org/article/prsecstat/estat_5f0336-1454_5f2008_5fnum_5f415_5f1_5f7021.htm},
	abstract = {[eng] France set up 41 {“Urban} Free Zones” (Zones Franches Urbaines: {ZFUs)} on 1 January 2004 to replace selected {“Urban} Regeneration Zones” (Zones de Redynamisation Urbaine: {ZRUs).} In {ZFUs}, businesses enjoy a fi veyear exemption from employers’ social contributions, corporate income tax, local business tax, and property tax. To assess the impact of these measures on paid employment and business creation, we estimated the change in both variables for {ZFUs} and for a control group of {ZRUs} that did not change status. We determined the control group by matching (“propensity scores” method) to allow for the selection bias affecting the choice of {ZFUs} in the total {ZRU} set. We calculated rates of change for the {ZRU-to-ZFU} transition year and later years. We fi nd a signifi cant positive impact of the shift to {ZFU} status on business and job creation. However, the effects should be qualifi ed. Two-thirds of the increase in gross fl ows of local business units is due to an infl ux of economic activities from areas not targeted by the measures (i.e., these are transfers, not outright business creation). The presence of a {ZFU} does not appear to have a signifi cant adverse impact on neighbouring areas. The cost per job created or transferred to {ZFUs} seems high, but we lack evaluations of policies aimed at similar objectives with which we could compare the {ZFU} system. [fre] 41 Zones Franches Urbaines ({ZFU)} ont été créées le . 1er janvier 2004 pour remplacer certaines Zones de Redynamisation Urbaine ({ZRU).} Dans les {ZFU}, les établissements bénéfi cient pour une durée de cinq ans d’exonérations de charges patronales, d’impôt sur les sociétés, de taxe professionnelle et de taxe foncière. Pour évaluer l’impact de ces mesures sur l’emploi salarié et les créations d’établissements, l’évolution de ces deux variables est calculée pour les {ZFU} et pour un groupe témoin de {ZRU} restées {ZRU.} Ce groupe témoin est déterminé par appariement afi n de tenir compte du biais de sélection des zones {ZFU} dans l’ensemble des Zones Franches Urbaines: quels effets sur l’emploi salarié et les créations d’établissements? {ZRU} (méthode des scores de propension). Les calculs d’évolution portent sur l’année de la transition entre {ZRU} et {ZFU} ainsi que sur les années suivantes. L’impact du classement en {ZFU} sur les créations d’établissement et d’emplois s’avère alors signifi catif et positif. Cependant, ces effets doivent être relativisés: l’augmentation des fl ux bruts d’établissements résulte pour les deux tiers d’un déplacement d’activités économiques en provenance de zones non ciblées par le dispositifs (transferts et non pas création d’établissements ex nihilo). . Le voisinage ne semble pas souffrir signifi cativement de la présence d’une zone franche. Le coût par emploi créé ou déplacé vers les {ZFU} par le dispositif semble élevé mais il n’existe pas d’évaluation de politique portant sur des objectifs similaires à laquelle le comparer. [ger] 41 abgabenfreie Stadtgebiete (Zones Franches Urbaines, {ZFU)} wurden am 1. Januar 2004 gegründet und traten an die Stelle der Gebiete der städtischen Redynamisierung (Zones de Redynamisation Urbaine, {ZRU).} In den {ZFU} sind die Unternehmen fünf Jahre lang von den Arbeitgeberabgaben, der Körperschaftssteuer, der Gewerbesteuer und der Grundsteuer befreit. Um die Auswirkungen dieser Maßnahmen auf die Beschäftigung und die Existenzgründung zu evaluieren, wird die Entwicklung dieser beiden Variablen für die {ZFU} und für eine Gruppe von {ZRU}, die {ZRU} blieben, ermittelt. Diese Gruppe wird durch paarweise Zusammenstellung bestimmt, um die Verzerrung bei der Auswahl der {ZFU} unter allen {ZRU} zu berücksichtigen ({„Propensity-Score-Methode“).} Die Entwicklung wird für das Jahr des Übergangs von den {ZRU} zu den {ZFU} sowie die darauffolgenden vier Jahre errechnet. Die Einstufung als {ZFU} hat auf die Existenzgründung und die Beschäftigung signifi kante und positive Auswirkungen. Allerdings müssen diese Effekte relativisiert werden denn die Zunahme der Bruttozufl üsse von Unternehmen resultiert zu zwei Dritteln aus einer Verlagerung von Wirtschaftstätigkeiten aus nicht von diesen Maßnahmen betroffenen Gebieten (d. h. Verlagerungen und keine wirklichen Existenzgründungen). Für die Nachbarschaft scheint die Anwesenheit eines solchen Gebiets keine negativen Folgen zu haben. Die Kosten, die durch die Schaffung oder Verlagerung von Arbeitsplätzen in solche Gebiete entstehen, sind hoch es liegt aber keine politische Bewertung ähnlicher Maßnahmen vor, mit der ein Vergleich angestellt werden könnte. [spa] El 1 de enero de 2004 se crearon 41 Zonas Francas Urbanas ({ZFU)} para sustituir algunas Zonas de Redinamización Urbana ({ZRU).} En las {ZFU}, los establecimientos disfrutan durante cinco años de exoneraciones de cargas patronales, del impuesto de sociedades, del impuesto de actividad profesional y del impuesto sobre bienes inmuebles. Para valorar el impacto de estas medidas en el empleo asalariado y la creación de establecimientos, se calcula la evolución de estas dos variables para las {ZFU} y para un grupo de control de las {ZRU} que siguen siendo {ZRU.} Este grupo de control se determina por encuentro para tener en cuenta el sesgo de selección de las zonas {ZFU} en el conjunto de las {ZRU} (método de los índices de propensión). Los cálculos de evolución se refi eren al año de transición entre las {ZRU} y las {ZFU}, así como a los siguientes años. El impacto de la clasifi cación en {ZFU} sobre la creación de establecimientos y de empleos resulta entonces signifi cativo y positivo. No obstante, estos efectos deben relativizarse: el aumento de los fl ujos brutos de establecimientos procede en los dos tercios de de los casos del desplazamiento de actividades económicas procedentes de zonas no determinadas por los dispositivos (traslados y no creación de establecimientos ex nihilo). La vecindad no parece sufrir signifi cativamente por la presencia de una zona franca. El coste por empleo creado o trasladado hacia los {ZFU} por el dispositivo parece elevado, pero no existe evaluación de política sobre objetivos similares para compararlo.},
	number = {1},
	urldate = {2013-03-12},
	journal = {Économie et Statistique},
	author = {Rathelot, Roland and Sillard, Patrick},
	year = {2008},
	pages = {81--96},
	file = {RePEc Snapshot:/Users/Davidislm/Library/Application Support/Zotero/Profiles/9z6zme93.default/zotero/storage/HS8AP7FN/estat_5f0336-1454_5f2008_5fnum_5f415_5f1_5f7021.html:text/html}
},

@article{heurteux_les_1990,
	title = {Les zones d'entreprises},
	volume = {42},
	issn = {0035-3337},
	url = {http://www.persee.fr/web/revues/home/prescript/article/ridc_0035-3337_1990_num_42_4_2137},
	number = {4},
	journal = {Revue internationale de droit comparé},
	author = {Heurteux, C.},
	year = {1990},
	pages = {1378--1379}
},

@article{boarnet_enterprise_2001,
	title = {Enterprise Zones and Job Creation: Linking Evaluation and Practice},
	volume = {15},
	issn = {0891-2424, 1552-3543},
	shorttitle = {Enterprise Zones and Job Creation},
	url = {http://edq.sagepub.com/content/15/3/242},
	doi = {10.1177/089124240101500304},
	abstract = {Although enterprise zones have been a popular economic development tool for several years, there is still a lack of evidence on both zone effectiveness and how to improve existing zone programs. This article discusses several evaluation criteria that should be given more attention. First, the article addresses methodological issues in assessing zone benefits, including the importance of comparing places that received zones with a suitably chosen control group of places that did not get zones. Second, the data requirements for enterprise zone evaluation are examined. The link between evaluation and practice is discussed. Zone evaluations must address not only efficiency criteria such as the measurement of benefits and costs but also the question of how to improve the functioning of existing zones. The conclusion is that zone evaluations should pay closer attention to research methodology and strive to document program implementation information that can improve the practice of enterprise zones.},
	language = {en},
	number = {3},
	urldate = {2013-03-02},
	journal = {Economic Development Quarterly},
	author = {Boarnet, Marlon G.},
	month = aug,
	year = {2001},
	pages = {242--254},
	file = {Snapshot:/Users/Davidislm/Library/Application Support/Zotero/Profiles/9z6zme93.default/zotero/storage/EJCBW88X/242.html:text/html}
},

@article{ham_government_2011,
	title = {Government programs can improve local labor markets: Evidence from State Enterprise Zones, Federal Empowerment Zones and Federal Enterprise Community},
	volume = {95},
	shorttitle = {Government programs can improve local labor markets},
	url = {http://ideas.repec.org/a/eee/pubeco/v95y2011i7p779-797.html},
	abstract = {Federal and state governments spend well over a billion dollars a year on programs that encourage employment development in disadvantaged labor markets through the use of subsidies and tax credits. In this paper we use an estimation approach that is valid under relatively weak assumptions to measure the impact of State Enterprise Zones ({ENTZs)}, Federal Empowerment Zones ({EMPZs)}, and Federal Enterprise Community ({ENTC)} programs on local labor markets. We find that all three programs have positive, statistically significant, impacts on local labor markets in terms of the unemployment rate, the poverty rate, the fraction with wage and salary income, and employment. Further, the effects of {EMPZ} and {ENTC} designation are considerably larger than the impact of {ENTZ} designation. We find that our estimates are robust to allowing for a regression to the mean effect. We also find that there are positive, but statistically insignificant, spillover effects to neighboring Census tracts of each of these programs. Thus our positive estimates of these program impacts do not simply represent a transfer from the nearest non-treated Census tract to the treated Census tract. Our results are noteworthy for several reasons. First, our study is the first to jointly look at these three programs, thus allowing policy makers to compare the impacts of these programs. Second, our paper, along with a concurrent study by Neumark and Kolko (2008), is the first to carry out the estimation accounting for overlap between the programs. Third, our estimation strategy is valid under weaker assumptions than those made in many previous studies; we consider three comparison groups and let the data determine the appropriate group. Fourth, in spite of our conservative estimation strategy, by looking at national effects with disaggregated data, we show that {ENTZ} designation generally has a positive effect on the local labor market, while most previous research on {ENTZs}, much of which used more geographically aggregated data to look at state-specific effects, did not find any significant impacts. Fifth, we note that there is little or no previous work on {ENTCs.} Overall, our results strongly support the efficacy of these labor market interventions.},
	number = {7},
	urldate = {2013-03-28},
	journal = {Journal of Public Economics},
	author = {Ham, John C. and Swenson, Charles and İmrohoroğlu, Ayşe and Song, Heonjae},
	year = {2011},
	keywords = {Disadvantaged labor markets, Empowerment zones, Enterprise communities, Enterprise zones, Program evaluation},
	pages = {779--797},
	file = {RePEc Snapshot:/Users/Davidislm/Library/Application Support/Zotero/Profiles/9z6zme93.default/zotero/storage/P7ZW7KZC/v95y2011i7p779-797.html:text/html}
},

@article{blair_policy_2002,
	title = {Policy Tools Theory and Implementation Networks: Understanding State Enterprise Zone Partnerships},
	volume = {12},
	issn = {1053-1858, 1477-9803},
	shorttitle = {Policy Tools Theory and Implementation Networks},
	url = {http://jpart.oxfordjournals.org/content/12/2/161},
	abstract = {Implementation today often takes place indirectly; public service is now delivered through intricate administrative links among public, private, and nonprofit organizations, resulting in complex organizational networks. In this article, the author will draw on the literature of policy tools and implementation networks to empirically study the structure of the new collaborative public-service delivery systems. The policy area that has been selected for research is economic development. State governments, local governments, private business enterprises, and nonprofit organizations frequently collaborate in this policy area. This study will examine enterprise zones, specifically looking at the nature of public-private linkages, one of the more critical components in the management of policy implementation network structures. The author will also discuss the implications to public administration and the management of networks},
	language = {en},
	number = {2},
	urldate = {2013-03-14},
	journal = {Journal of Public Administration Research and Theory},
	author = {Blair, Robert},
	month = apr,
	year = {2002},
	pages = {161--190},
	file = {Snapshot:/Users/Davidislm/Library/Application Support/Zotero/Profiles/9z6zme93.default/zotero/storage/V97C39NZ/161.html:text/html}
},

@article{accaputo_plan_2006,
	title = {Le plan Marshall pour la Wallonie},
	volume = {n° 1919-1920},
	copyright = {© {CRISP}},
	issn = {0008-9664},
	url = {http://www.cairn.info/article.php?ID_ARTICLE=CRIS_1919_0005},
	doi = {10.3917/cris.1919.0005},
	language = {fr},
	number = {14},
	urldate = {2013-03-02},
	journal = {Courrier hebdomadaire du {CRISP}},
	author = {Accaputo, Aurélien and Bayenet, Benoît and Pagano, Giuseppe},
	month = sep,
	year = {2006},
	pages = {5--73},
	file = {Snapshot:/Users/Davidislm/Library/Application Support/Zotero/Profiles/9z6zme93.default/zotero/storage/XE386V2G/revue-courrier-hebdomadaire-du-crisp-2006-14-p-5.html:text/html}
},

@techreport{lorenceau_impact_2009,
	type = {{PSE} Working Paper},
	title = {L'impact d'exonérations fiscales sur la création d'établissements et l'emploi en France rurale : une approche par discontinuité de la régression},
	shorttitle = {L'impact d'exonérations fiscales sur la création d'établissements et l'emploi en France rurale},
	url = {http://ideas.repec.org/p/hal/psewpa/halshs-00575100.html},
	abstract = {A partir de 1996, la politique de développement rural française définit des zones de revitalisation rurale ({ZRR)} : les entreprises de moins de 50 salariés peuvent y bénéficier d'exonérations de charges à condition (entre autres) d'augmenter leur effectif salarié. Ces zones regroupent des territoires ruraux en difficultés : faible densité démographique, handicap structurel sur le plan socio-économique. Les exonérations fiscales en {ZRR} sont de grande ampleur (30 \% du salaire brut pour des salaires compris entre 1 et 1,5 fois le Smic) et concernent potentiellement une part non négligeable des entreprises puisque 10,7 \% de celles de moins de 50 salariés y sont situées. Jusqu'à présent, l'effet du dispositif sur l'économie a essentiellement été l'objet d'études descriptives. Seule l'analyse de Lofredi (2007) tente de mettre en évidence l'effet causal de la mise en place de la mesure sur l'emploi et la création d'établissements. Une particularité du dispositif permet de tester l'effet causal des exonérations en {ZRR} en s'appuyant sur une méthode désormais largement utilisée pour étudier l'effet de politiques publiques. Il s'agit de remarquer que les {ZRR} ont été définies à partir de critères précis de densité et de démographie et que seules les entreprises situées en {ZRR} sont éligibles aux exonérations de charges. Une approche par "discontinuité de la régression" permet alors de dissocier l'effet de la mesure sur l'emploi et la création d'entreprises du rôle des caractéristiques propres aux {ZRR.} Les résultats tendent à confirmer les conclusions de Lofredi (2007) à partir d'une méthode différente. Ce dispositif d'exonération fiscale n'aurait d'effet significatif ni sur l emploi, ni sur la création d'établissements dans les zones rurales défavorisées. L'existence de restrictions fortes quant à l'accès aux exonérations pour les entreprises ainsi que la particularité du contexte rural dans lequel la mesure a été mise en place pourraient expliquer l'échec de la mesure.},
	number = {halshs-00575100},
	urldate = {2013-03-27},
	institution = {{HAL}},
	author = {Lorenceau, Adrien},
	year = {2009},
	keywords = {développement rural, emploi, exonérations fiscales, regression discontinuity design},
	file = {RePEc PDF:/Users/Davidislm/Library/Application Support/Zotero/Profiles/9z6zme93.default/zotero/storage/X8XTZMEK/Lorenceau - 2009 - L'impact d'exonérations fiscales sur la création d.pdf:application/pdf;RePEc Snapshot:/Users/Davidislm/Library/Application Support/Zotero/Profiles/9z6zme93.default/zotero/storage/733QJJGS/halshs-00575100.html:text/html}
},

@article{okeefe_job_2004,
	title = {Job creation in California's enterprise zones: a comparison using a propensity score matching model},
	volume = {55},
	shorttitle = {Job creation in California's enterprise zones},
	url = {http://ideas.repec.org/a/eee/juecon/v55y2004i1p131-150.html},
	abstract = {No abstract is available for this item.},
	number = {1},
	urldate = {2013-03-27},
	journal = {Journal of Urban Economics},
	author = {{O'Keefe}, Suzanne},
	year = {2004},
	pages = {131--150},
	file = {RePEc Snapshot:/Users/Davidislm/Library/Application Support/Zotero/Profiles/9z6zme93.default/zotero/storage/P28AANCW/O'Keefe - 2004 - Job creation in California's enterprise zones a c.html:text/html}
},

@techreport{busso_local_2008,
	type = {Cowles Foundation Discussion Paper},
	title = {Do Local Economic Development Programs Work? Evidence from the Federal Empowerment Zone Program},
	shorttitle = {Do Local Economic Development Programs Work?},
	url = {http://ideas.repec.org/p/cwl/cwldpp/1638.html},
	abstract = {This paper evaluates the impact of Round I of the federal urban Empowerment Zone ({EZ)} program on neighborhood level labor and housing market outcomes over the period 1994-2000. Using four decades of Census data in conjunction with information on the proposed boundaries of rejected {EZs}, we find that neighborhoods receiving {EZ} designation experienced substantial improvements in labor market conditions and moderate increases in rents relative to rejected and future zones. These effects were accompanied by small changes in the demographic composition of the neighborhoods, though evidence from disaggregate Census tabulations suggests that these changes account for little of the observed improvements.},
	number = {1639},
	urldate = {2013-04-01},
	institution = {Cowles Foundation for Research in Economics, Yale University},
	author = {Busso, Matias and Kline, Patrick},
	year = {2008},
	keywords = {Empowerment zones, Local economic development, Program evaluation},
	file = {RePEc PDF:/Users/Davidislm/Library/Application Support/Zotero/Profiles/9z6zme93.default/zotero/storage/3N555KMX/Busso et Kline - 2008 - Do Local Economic Development Programs Work Evide.pdf:application/pdf;RePEc Snapshot:/Users/Davidislm/Library/Application Support/Zotero/Profiles/9z6zme93.default/zotero/storage/X3MR7ABJ/1638.html:text/html}
}