@article{barela2006biomechanical,
  title={Biomechanical characteristics of adults walking in shallow water and on land},
  author={Barela, Ana MF and Stolf, Sandro F and Duarte, Marcos},
  journal={Journal of Electromyography and Kinesiology},
  volume={16},
  number={3},
  pages={250--256},
  year={2006},
  publisher={Elsevier}
}

@article{chevutschi2009comparison,
  title={Comparison of maximal and spontaneous speeds during walking on dry land and water},
  author={Chevutschi, Alain and Alberty, Morgan and Lensel, Ghislaine and Pardessus, Vinciane and Thevenon, Andr{\'e}},
  journal={Gait \& posture},
  volume={29},
  number={3},
  pages={403--407},
  year={2009},
  publisher={Elsevier}
}

@inproceedings{coros2009robust,
  title={Robust task-based control policies for physics-based characters},
  author={Coros, Stelian and Beaudoin, Philippe and van de Panne, Michiel},
  booktitle={ACM Transactions on Graphics (TOG)},
  volume={28},
  number={5},
  pages={170},
  year={2009},
  organization={ACM}
}

@inproceedings{coros2010generalized,
  title={Generalized biped walking control},
  author={Coros, Stelian and Beaudoin, Philippe and van de Panne, Michiel},
  booktitle={ACM Transactions on Graphics (TOG)},
  volume={29},
  number={4},
  pages={130},
  year={2010},
  organization={ACM}
}


@inproceedings{geijtenbeek2012interactive,
  title={Interactive Character Animation Using Simulated Physics: A State-of-the-Art Review},
  author={Geijtenbeek, Thomas and Pronost, Nicolas},
  booktitle={Computer Graphics Forum},
  volume={31},
  number={8},
  pages={2492--2515},
  year={2012},
  organization={Wiley Online Library}
}

@inproceedings{geijtenbeek2012simple,
  title={Simple data-driven control for simulated bipeds},
  author={Geijtenbeek, Thomas and Pronost, Nicolas and van der Stappen, A Frank},
  booktitle={Proceedings of the ACM SIGGRAPH/Eurographics Symposium on Computer Animation},
  pages={211--219},
  year={2012},
  organization={Eurographics Association}
}


@inproceedings{kajita20013d,
  title={The 3D Linear Inverted Pendulum Mode: A simple modeling for a biped walking pattern generation},
  author={Kajita, Shuuji and Kanehiro, Fumio and Kaneko, Kenji and Yokoi, Kazuhito and Hirukawa, Hirohisa},
  booktitle={Intelligent Robots and Systems, 2001. Proceedings. 2001 IEEE/RSJ International Conference on},
  volume={1},
  pages={239--246},
  year={2001},
  organization={IEEE}
}

@article{kwatra2010fluid,
  title={Fluid simulation with articulated bodies},
  author={Kwatra, Nipun and Wojtan, Christopher and Carlson, Mark and Essa, Irfan and Mucha, Peter J and Turk, Greg},
  journal={Visualization and Computer Graphics, IEEE Transactions on},
  volume={16},
  number={1},
  pages={70--80},
  year={2010},
  publisher={IEEE}
}


@article{lentine2011creature,
  title={Creature control in a fluid environment},
  author={Lentine, Michael and Gretarsson, Jon Tomas and Schroeder, Craig and Robinson-Mosher, Avi and Fedkiw, Ronald},
  journal={Visualization and Computer Graphics, IEEE Transactions on},
  volume={17},
  number={5},
  pages={682--693},
  year={2011},
  publisher={IEEE}
}

@article{miyoshi2005functional,
  title={Functional roles of lower-limb joint moments while walking in water},
  author={Miyoshi, Tasuku and Shirota, Takashi and Yamamoto, Shin-Ichiro and Nakazawa, Kimitaka and Akai, Masami},
  journal={Clinical Biomechanics},
  volume={20},
  number={2},
  pages={194--201},
  year={2005},
  publisher={Elsevier}
}


@inproceedings{mussa1997nonlinear,
  title={Nonlinear force fields: a distributed system of control primitives for representing and learning movements},
  author={Mussa-Ivaldi, Ferdinando A},
  booktitle={Computational Intelligence in Robotics and Automation, 1997. CIRA'97., Proceedings., 1997 IEEE International Symposium on},
  pages={84--90},
  year={1997},
  organization={IEEE}
}

@inproceedings{neff2002modeling,
  title={Modeling tension and relaxation for computer animation},
  author={Neff, Michael and Fiume, Eugene},
  booktitle={Proceedings of the 2002 ACM SIGGRAPH/Eurographics symposium on Computer animation},
  pages={81--88},
  year={2002},
  organization={ACM}
}

@article{orselli2011joint,
  title={Joint forces and torques when walking in shallow water},
  author={Orselli, Maria Isabel Veras and Duarte, Marcos},
  journal={Journal of biomechanics},
  volume={44},
  number={6},
  pages={1170--1175},
  year={2011},
  publisher={Elsevier}
}


@article{si2014realistic,
  title={Realistic Biomechanical Simulation and Control of Human Swimming},
  author={Si, Weiguang and Lee, Sung-Hee and Sifakis, Eftychios and Terzopoulos, Demetri},
  journal={ACM Transactions on Graphics (TOG)},
  volume={34},
  number={1},
  pages={10},
  year={2014},
  publisher={ACM}
}

@inproceedings{stam1999stable,
  title={Stable fluids},
  author={Stam, Jos},
  booktitle={Proceedings of the 26th annual conference on Computer graphics and interactive techniques},
  pages={121--128},
  year={1999},
  organization={ACM Press/Addison-Wesley Publishing Co.}
}


@inproceedings{tan2011articulated,
  title={Articulated swimming creatures},
  author={Tan, Jie and Gu, Yuting and Turk, Greg and Liu, C Karen},
  booktitle={ACM Transactions on Graphics (TOG)},
  volume={30},
  number={4},
  pages={58},
  year={2011},
  organization={ACM}
}

@book{van1995guided,
  title={Guided optimization for balanced locomotion},
  author={Van de Panne, Michiel and Lamouret, Alexis},
  year={1995},
  publisher={Springer}
}

@inproceedings{yang2004layered,
  title={Layered dynamic control for interactive character swimming},
  author={Yang, Po-Feng and Laszlo, Joe and Singh, Karan},
  booktitle={Proceedings of the 2004 ACM SIGGRAPH/Eurographics symposium on Computer animation},
  pages={39--47},
  year={2004},
  organization={Eurographics Association}
}


@inproceedings{yin2007simbicon,
  title={Simbicon: Simple biped locomotion control},
  author={Yin, KangKang and Loken, Kevin and van de Panne, Michiel},
  booktitle={ACM Transactions on Graphics (TOG)},
  volume={26},
  number={3},
  pages={105},
  year={2007},
  organization={ACM}
}

